@article{Hornik2012:sphkmeans,
   author = {Kurt Hornik, Ingo Feinerer, Martin Kober, Christian Buchta},
   journal = {Journal of Statistical Software},
   pages = {1--22},
   title = {Spherical $k$-Means Clustering},
   volume = {50},
   year = {2012},
   note = {{h}ttp://bach-s49.wu-wien.ac.at/4000/1/paper.pdf}
}

@book{Wild2002:sphkmeans,
   title = {Seeding Non-Negative Matrix Factorizations with the Spherical K-Means Clustering},
   author = {Stefan Wild},
   year = {2002},
   publisher = {University of Colorado,},
   address = {Colorado},
   note = {{h}ttp://citeseerx.ist.psu.edu/viewdoc/download?doi=10.1.1.88.1623&rep=rep1&type=pdf}
}

@article{Loo2014:stringdist,
   author = {Mark P. J. van der Loo},
   journal = {The R Journal},
   pages = {111--122},
   title = {The stringdist Package for Approximate String Matching},
   volume = {6},
   year = {2014},
   note = {{h}ttp://journal.r-project.org/archive/2014-1/loo.pdf}
   }
