@article{Wolfowitz1951:wald,
   author = {J. Wolfowitz},
   journal = {Annals of Mathematical Statistics},
   pages = {1--13},
   title = {Abraham Wald, 1902â€“1950},
   volume = {23},
   year = {1952},
   note = {{h}ttp://projecteuclid.org/download/pdf\textunderscore1/euclid.aoms/1177729480}
}

@book{Wild2002:sphkmeans,
   title = {Seeding Non-Negative Matrix Factorizations with the Spherical K-Means Clustering},
   author = {Stefan Wild},
   year = {2002},
   publisher = {University of Colorado},
   address = {Colorado},
   note = {{h}ttp://citeseerx.ist.psu.edu/viewdoc/download?doi=10.1.1.88.1623{\&}rep=rep1{\&}type=pdf}
}

@article{Loo2014:stringdist,
   author = {Mark P. J. van der Loo},
   journal = {The R Journal},
   pages = {111--122},
   title = {The stringdist Package for Approximate String Matching},
   volume = {6},
   year = {2014},
   note = {{h}ttp://journal.r-project.org/archive/2014-1/loo.pdf}
}
