
@article{Hornik2012:sphkmeans,
  author =  {Hornik, Kurt and Feinerer Ingo, and Kober, Martin and Buchta, Christian},
  title =	{Spherical k-Means Clustering},
  journal =	{Journal of Statistical Software},
  volume =	{50},
  number =	{10},
  pages =	{1--22},
  day =  	{18},
  month =	{9},
  year = 	{2012},
  CODEN =	{JSSOBK},
  ISSN = 	{1548-7660}
}

@book{Wild2002:sphkmeans,
   title = {Seeding Non-Negative Matrix Factorizations with the Spherical K-Means Clustering},
   author = {Stefan Wild},
   year = {2002},
   publisher = {University of Colorado},
   address = {Colorado}
}

@article{Loo2014:stringdist, 
  title = {The stringdist {P}ackage for {A}pproximate {S}tring {M}atching},
  author = {Mark P. J. van der Loo},
  journal = {The {R} {J}ournal},
  volume = {6},
  issue = {1},
  pages = {111-122},
  pdf = {http://www.markvanderloo.eu/files/statistics/loo.pdf},
  url = {http://journal.r-project.org/archive/2014-1/},
  year = {2014}
}

@inproceedings{Sculley2010:webkmeans,
 author = {Sculley, D.},
 title = {Web-scale K-means Clustering},
 booktitle = {Proceedings of the 19th International Conference on World Wide Web},
 series = {WWW '10},
 year = {2010},
 isbn = {978-1-60558-799-8},
 location = {Raleigh, North Carolina, USA},
 pages = {1177--1178},
 numpages = {2},
 publisher = {ACM},
 address = {New York, NY, USA},
 keywords = {scalability, sparse solutions, unsupervised clustering},
} 


@INPROCEEDINGS{Bottou1995:convergenceproperties,
    author = {LÃ©on Bottou and Yoshua Bengio},
    title = {Convergence Properties of the K-Means Algorithms},
    booktitle = {Advances in Neural Information Processing Systems 7},
    year = {1995},
    pages = {585--592},
    publisher = {MIT Press}
}

@article{Jiang2012:generalizedmedianstr,
 author = {Jiang, Xiaoyi and Wentker, J\"{o}ran and Ferrer, Miquel},
 title = {Generalized median string computation by means of string embedding in vector spaces},
 journal = {Pattern Recogn. Lett.},
 volume = {33},
 number = {7},
 year = {2012},
 issn = {0167-8655},
 pages = {842--852},
 publisher = {Elsevier Science Inc.},
 address = {New York, NY, USA},
}



@article{Kohonen1985:medianstrings,
 author = {Kohonen, Teuvo},
 title = {Median Strings},
 journal = {Pattern Recogn. Lett.},
 issue_date = {September, 1985},
 volume = {3},
 number = {5},
 month = sep,
 year = {1985},
 issn = {0167-8655},
 pages = {309--313},
 numpages = {5},
 publisher = {Elsevier Science Inc.},
 address = {New York, NY, USA},
 keywords = {Error correction, generalized median, symbol strings, text correction, word recognition},
} 

@inproceedings{Dinu2012:clusteringmethods,
 author = {Dinu, Liviu P. and Ionescu, Radu-Tudor},
 title = {Clustering Methods Based on Closest String via Rank Distance},
 booktitle = {Proceedings of the 2012 14th International Symposium on Symbolic and Numeric Algorithms for Scientific Computing},
 series = {SYNASC '12},
 year = {2012},
 isbn = {978-0-7695-4934-7},
 pages = {207--213},
 numpages = {7},
 publisher = {IEEE Computer Society},
 address = {Washington, DC, USA},
 keywords = {clustering, k-means, hierarchical clustering, rank distance, closest string, closest substring, DNA, DNA applications, DNA sequencing, bioinformatics, phylogeny},
} 

@article{Navarro2001:guidedtour,
        TITLE = "A Guided Tour to Approximate String Matching",
        AUTHOR = "G. Navarro",
        JOURNAL = {ACM Computing Surveys},
        YEAR = 2001,
	VOLUME = 33,
	NUMBER = 1,
	PAGES = "31--88"
        }


@article{Boytsov2011:indexingmethods,
 author = {Boytsov, Leonid},
 title = {Indexing Methods for Approximate Dictionary Searching: Comparative Analysis},
 journal = {J. Exp. Algorithmics},
 issue_date = {2011},
 volume = {16},
 year = {2011},
 issn = {1084-6654},
 pages = {1.1:1.1--1.1:1.91},
 articleno = {1.1},
 numpages = {1.81},
 url = {http://doi.acm.org/10.1145/1963190.1963191},
 doi = {10.1145/1963190.1963191},
 acmid = {1963191},
 publisher = {ACM},
 address = {New York, NY, USA}
} 

@article{Hamming1950:errordetecting,
  added-at = {2006-04-05T23:23:26.000+0200},
  author = {Hamming, {R. W.}},
  biburl = {http://www.bibsonomy.org/bibtex/29809707ce47a2c377387500eec90180a/gromgull},
  description = {My Main bibliography file},
  interhash = {6d7d6d0a103f9158ec1a696e27aa6e36},
  intrahash = {9809707ce47a2c377387500eec90180a},
  journal = {Bell System Techincal Journal},
  keywords = {distance-measure},
  pages = {147-160},
  timestamp = {2006-04-05T23:23:26.000+0200},
  title = {{Error Detecting and Error Correcting Codes}},
  volume = 29,
  year = 1950
}

@article{Needleman2008:generalmethod,
    author = {Needleman, Saul B. and Wunsch, Christian D.},
    citeulike-article-id = {1637787},
    citeulike-linkout-0 = {http://dx.doi.org/10.1016/0022-2836(70)90057-4},
    citeulike-linkout-1 = {http://www.sciencedirect.com/science/article/B6WK7-4DN8W3K-7X/2/0d99b8007b44cca2d08a031a445276e1},
    day = {28},
    doi = {10.1016/0022-2836(70)90057-4},
    issn = {00222836},
    journal = {Journal of Molecular Biology},
    month = mar,
    number = {3},
    pages = {443--453},
    posted-at = {2008-08-26 21:08:28},
    priority = {2},
    title = {{A general method applicable to the search for similarities in the amino acid sequence of two proteins}},
    url = {http://dx.doi.org/10.1016/0022-2836(70)90057-4},
    volume = {48},
    year = {1970}
}

@article{Levenshtein1965:binarycodes,
  author = {Levenshtein, V.},
  journal = {{Problems of Information Transmission}},
  keywords = {imported},
  pages = {8-17},
  title = {{Binary codes capable of correcting spurious insertions and deletions of ones}},
  volume = 1,
  year = 1965
}

@article{Wagner1974:stringtostring,
  author = {Robert A. Wagner and Michael J. Fischer},
  title = {The String-to-String Correction Problem},
  journal = {Journal of the ACM},
  year = {1974},
  volume = {21},
  number = {1},
  pages = {168-173},
  doi = {10.1145/321796.321811},
  abstract = {The string-to-string correction problem is to determine the distance between two strings as measured by the minimum cost sequence of "edit operations" needed to change the one string into the other. The edit operations investigated allow changing one symbol of a string into another single symbol, deleting one symbol from a string, or inserting a single symbol into a string. An algorithm is presented which solves this problem in time proportional to the product of the lengths of the two strings. Possible applications are to the problems of automatic spelling correction and determining the longest subsequence of characters common to two strings.}
}

@article{Ukkonen1985:algorithmsforapprox,
 author = {Ukkonen, Esko},
 title = {Algorithms for Approximate String Matching},
 journal = {Inf. Control},
 issue_date = {Jan./Feb./March 1985},
 volume = {64},
 number = {1-3},
 year = {1985},
 issn = {0019-9958},
 pages = {100--118},
 numpages = {19},
 url = {http://dx.doi.org/10.1016/S0019-9958(85)80046-2},
 doi = {10.1016/S0019-9958(85)80046-2},
 acmid = {4626},
 publisher = {Academic Press Professional, Inc.},
 address = {San Diego, CA, USA},
} 


@article{Wagner1975:extensionstring,
 author = {Wagner, Robert A. and Lowrance, Roy},
 title = {An Extension of the String-to-String Correction Problem},
 journal = {J. ACM},
 issue_date = {April 1975},
 volume = {22},
 number = {2},
 year = {1975},
 issn = {0004-5411},
 pages = {177--183},
 numpages = {7},
 url = {http://doi.acm.org/10.1145/321879.321880},
 doi = {10.1145/321879.321880},
 acmid = {321880},
 publisher = {ACM},
 address = {New York, NY, USA},
} 


@article{Ukkonen1992:approxqgrams,
title = "Approximate string-matching with q-grams and maximal matches",
journal = "Theoretical Computer Science",
volume = "92",
number = "1",
pages = "191 - 211",
year = "1992",
note = "",
issn = "0304-3975",
doi = "http://dx.doi.org/10.1016/0304-3975(92)90143-4",
url = "http://www.sciencedirect.com/science/article/pii/0304397592901434",
author = "Esko Ukkonen",

}

@inproceedings{Winkler1990:stringcomparator,
  added-at = {2006-02-14T15:21:42.000+0100},
  author = {Winkler, William E.},
  biburl = {http://www.bibsonomy.org/bibtex/2a2dcfaedc01b2ffcab7afaffc6bd03bc/sam_chapman},
  booktitle = {Proceedings of the Section on Survey Research},
  interhash = {15e98ae8cdc43683f96562982e68f1b8},
  intrahash = {a2dcfaedc01b2ffcab7afaffc6bd03bc},
  keywords = {purge sunters information felligi integration merge},
  location = {Wachington, DC},
  pages = {354--359},
  timestamp = {2006-02-14T15:21:42.000+0100},
  title = {String Comparator Metrics and Enhanced Decision
                  Rules in the Fellegi-Sunter Model of Record Linkage},
  year = 1990
}

@book{Koronacki2005:statystyczne,
  title={Statystyczne systemy ucz{\k{a}}ce si{\k{e}}},
  author={Koronacki, J. and {\'C}wik, J.},
  pages = "263 - 270",
  isbn={9788320431575},
  year={2005},
  publisher={Wydawnictwa Naukowo-Techniczne}
}

@article{Wu2007:topten,
 author = {Wu, Xindong and Kumar, Vipin and Ross Quinlan, J. and Ghosh, Joydeep and Yang, Qiang and Motoda, Hiroshi and McLachlan, Geoffrey J. and Ng, Angus and Liu, Bing and Yu, Philip S. and Zhou, Zhi-Hua and Steinbach, Michael and Hand, David J. and Steinberg, Dan},
 title = {Top 10 Algorithms in Data Mining},
 journal = {Knowl. Inf. Syst.},
 issue_date = {December 2007},
 volume = {14},
 number = {1},
 year = {2007},
 issn = {0219-1377},
 pages = {1--37},
 numpages = {37},
 url = {http://dx.doi.org/10.1007/s10115-007-0114-2},
 doi = {10.1007/s10115-007-0114-2},
 acmid = {1327436},
 publisher = {Springer-Verlag New York, Inc.},
 address = {New York, NY, USA},
} 


@incollection{Bottou2012:sgdtricks,
  author = {Bottou, L\'{e}on},
  title = {Stochastic Gradient Tricks},
  booktitle = {Neural Networks, Tricks of the Trade, Reloaded},
  pages = {430--445},
  editor = {Montavon, Gr\'{e}goire and Orr, Genevieve B. and M\"{u}ller, Klaus-Robert},
  series = {Lecture Notes in Computer Science (LNCS 7700)},
  publisher = {Springer},
  year = {2012},
  url = {http://leon.bottou.org/papers/bottou-tricks-2012},
}


@article{Lawrence1985:comparing,
    author = {Hubert, Lawrence and Arabie, Phipps},
    booktitle = {Journal of Classification},
    comment = {Corrected Rand index},
    day = {1},
    doi = {10.1007/bf01908075},
    issn = {0176-4268},
    journal = {Journal of Classification},
    keywords = {classification, comparison, index, partition},
    number = {1},
    pages = {193--218},
    posted-at = {2010-08-27 16:31:50},
    priority = {3},
    publisher = {Springer-Verlag},
    title = {{Comparing partitions}},
    url = {http://dx.doi.org/10.1007/bf01908075},
    volume = {2},
    year = {1985}
}

 @article{Rand1971:objective,
   author    = {William M. Rand},
   title     = {Objective criteria for the evaluation of clustering methods},
   journal   = {Journal of the American Statistical Association},
   year      = {1971},
   volume    = {66},
   number    = {336},
   pages     = {846--850},
   doi       = {10.2307/2284239)
 }
 
 
 @inproceedings{Rosenberg2007:vmeasure,
  added-at = {2011-09-18T23:01:04.000+0200},
  author = {Rosenberg, Andrew and Hirschberg, Julia},
  biburl = {http://www.bibsonomy.org/bibtex/238531ca6d31f767da8aef74bd6dadcf7/jil},
  booktitle = {Proceedings of the 2007 Joint Conference on Empirical Methods in Natural Language Processing and Computational Natural Language Learning(EMNLP-CoNLL)},
  description = {ESOM},
  interhash = {07bb9cbf44b156e34d57c40b9d2fd314},
  intrahash = {38531ca6d31f767da8aef74bd6dadcf7},
  keywords = {cluster clustering measure v-measure validation},
  pages = {410--420},
  timestamp = {2013-11-23T20:11:51.000+0100},
  title = {{V}-Measure: A Conditional Entropy-Based External Cluster Evaluation Measure},
  year = 2007
}

@article{Rousseeuw1987:silhoutte,
 author = {Rousseeuw, Peter},
 title = {Silhouettes: A Graphical Aid to the Interpretation and Validation of Cluster Analysis},
 journal = {J. Comput. Appl. Math.},
 issue_date = {Nov. 1987},
 volume = {20},
 number = {1},
 year = {1987},
 issn = {0377-0427},
 pages = {53--65},
 numpages = {13},
 url = {http://dx.doi.org/10.1016/0377-0427(87)90125-7},
 doi = {10.1016/0377-0427(87)90125-7},
 acmid = {38772},
 publisher = {Elsevier Science Publishers B. V.},
 address = {Amsterdam, The Netherlands, The Netherlands},
} 



@misc{wiki,
  title = {Wikipedia - Wikipedia, wolna encyklopedia},
  howpublished = {\url{http://pl.wikipedia.org/wiki/Wikipedia}},
  note = {DostÄp: 2015-12-01}
}
